<?xml version="1.0" encoding="UTF-8"?><record xmlns="http://www.loc.gov/MARC21/slim" xmlns:cinclude="http://apache.org/cocoon/include/1.0" xmlns:zs="http://www.loc.gov/zing/srw/">
  <leader>00451cz  a2200133n  4500</leader>
  <controlfield tag="001">no2012070488</controlfield>
  <controlfield tag="003">DLC</controlfield>
  <controlfield tag="005">20130731073850.0</controlfield>
  <controlfield tag="008">120521n| azannaabn          |n aaa     c</controlfield>
  <datafield tag="010" ind1=" " ind2=" ">
    <subfield code="a">no2012070488</subfield>
  </datafield>
  <datafield tag="035" ind1=" " ind2=" ">
    <subfield code="a">(OCoLC)oca09204537</subfield>
  </datafield>
  <datafield tag="040" ind1=" " ind2=" ">
    <subfield code="a">IEN-Mu</subfield>
    <subfield code="b">eng</subfield>
    <subfield code="e">rda</subfield>
    <subfield code="c">IEN-Mu</subfield>
    <subfield code="d">DLC</subfield>
    <subfield code="d">IEN-Mu</subfield>
  </datafield>
  <datafield tag="100" ind1="1" ind2=" ">
    <subfield code="a">Ulrich, Boris.</subfield>
    <subfield code="t">Chorale,</subfield>
    <subfield code="m">mixed voices, instrumental ensemble</subfield>
  </datafield>
  <datafield tag="670" ind1=" " ind2=" ">
    <subfield code="a">Ulrich, B. Boris Ulrich [SR] between 1980 and 1984:</subfield>
    <subfield code="b">label (Koral za dva zbora i ansambl)</subfield>
  </datafield>
</record>